<mx:record xmlns="http://www.w3.org/TR/xhtml1/strict" xmlns:mx="http://www.loc.gov/MARC21/slim" xmlns:xsi="http://www.w3.org/2001/XMLSchema-instance"><mx:leader>00000cz   2200000n  0000</mx:leader><mx:controlfield tag="001">oca00729754 </mx:controlfield><mx:controlfield tag="005">20060315052222.0</mx:controlfield><mx:controlfield tag="008">820413n| acannaabn          |a aaa      </mx:controlfield><mx:datafield ind1=" " ind2=" " tag="010"><mx:subfield code="a">n  82032651</mx:subfield></mx:datafield><mx:datafield ind1=" " ind2=" " tag="040"><mx:subfield code="a">DLC</mx:subfield><mx:subfield code="b">eng</mx:subfield><mx:subfield code="c">DLC</mx:subfield><mx:subfield code="d">DLC</mx:subfield><mx:subfield code="d">MnHi</mx:subfield><mx:subfield code="d">DLC</mx:subfield><mx:subfield code="d">NNC</mx:subfield><mx:subfield code="d">ItFiC</mx:subfield></mx:datafield><mx:datafield ind1="0" ind2=" " tag="100"><mx:subfield code="a">Aelian,</mx:subfield><mx:subfield code="d">3rd cent.</mx:subfield></mx:datafield><mx:datafield ind1="1" ind2=" " tag="400"><mx:subfield code="w">nnaa</mx:subfield><mx:subfield code="a">Aelianus, Claudius</mx:subfield></mx:datafield><mx:datafield ind1="1" ind2=" " tag="400"><mx:subfield code="a">Aelianus, Claudius,</mx:subfield><mx:subfield code="d">3rd cent.</mx:subfield></mx:datafield><mx:datafield ind1="1" ind2=" " tag="400"><mx:subfield code="a">Ailianos, Klaudios,</mx:subfield><mx:subfield code="d">3rd cent.</mx:subfield></mx:datafield><mx:datafield ind1="1" ind2=" " tag="400"><mx:subfield code="a">Ėlian, Klavdiĭ,</mx:subfield><mx:subfield code="d">3rd cent.</mx:subfield></mx:datafield><mx:datafield ind1="0" ind2=" " tag="400"><mx:subfield code="a">Elien,</mx:subfield><mx:subfield code="d">3rd cent.</mx:subfield></mx:datafield><mx:datafield ind1="1" ind2=" " tag="400"><mx:subfield code="a">Aelian, Claudius,</mx:subfield><mx:subfield code="d">3rd cent.</mx:subfield></mx:datafield><mx:datafield ind1="1" ind2=" " tag="400"><mx:subfield code="a">Eliano, Claudio,</mx:subfield><mx:subfield code="d">3rd cent</mx:subfield></mx:datafield><mx:datafield ind1="0" ind2=" " tag="400"><mx:subfield code="a">Eliano,</mx:subfield><mx:subfield code="d">3rd cent</mx:subfield></mx:datafield><mx:datafield ind1=" " ind2=" " tag="670"><mx:subfield code="a">Oxford class. dict.</mx:subfield><mx:subfield code="b">(Aelianus, Claudius, known as &amp;#034;Aelian&amp;#034;)</mx:subfield></mx:datafield><mx:datafield ind1=" " ind2=" " tag="670"><mx:subfield code="a">Encycl. Brit.</mx:subfield><mx:subfield code="b">(Aelian, Claudius [Latin &amp;#034;Claudius&amp;#034; combined with English &amp;#034;Aelian&amp;#034; probably to distinguish him from another Aelian on the same page])</mx:subfield></mx:datafield><mx:datafield ind1=" " ind2=" " tag="670"><mx:subfield code="a">LC PA class. schedule:</mx:subfield><mx:subfield code="b">PA3821 (Aelianus, Claudius, 3d cent. C.E.)</mx:subfield></mx:datafield><mx:datafield ind1=" " ind2=" " tag="670"><mx:subfield code="a">La personnalité des animaux, 2001:</mx:subfield><mx:subfield code="b">t.p. (Elien)</mx:subfield></mx:datafield><mx:datafield ind1=" " ind2=" " tag="670"><mx:subfield code="a">Memorie storiche dei Greci in Claudio Eliano, c2005:</mx:subfield><mx:subfield code="b">t.p. (Claudio Eliano) p. 9 (Eliano)</mx:subfield></mx:datafield></mx:record>